<record><leader>00000cas a2200000 a 4500</leader><controlfield tag="001">42571266</controlfield><controlfield tag="008">991005c19999999mtumr ne      0   a0eng c</controlfield><datafield ind1=" " ind2=" " tag="010"><subfield code="a">sn 00062047 </subfield></datafield><datafield ind1=" " ind2=" " tag="040"><subfield code="a">MZF</subfield><subfield code="b">eng</subfield><subfield code="c">MZF</subfield><subfield code="d">CVF</subfield><subfield code="d">OCLCQ</subfield><subfield code="d">OCLCO</subfield></datafield><datafield ind1="1" ind2=" " tag="029"><subfield code="a">AU@</subfield><subfield code="b">000021576313</subfield></datafield><datafield ind1=" " ind2=" " tag="042"><subfield code="a">pcc</subfield></datafield><datafield ind1=" " ind2=" " tag="043"><subfield code="a">n-us-mt</subfield></datafield><datafield ind1="0" ind2="0" tag="245"><subfield code="a">Fort Belknap community newspaper.</subfield></datafield><datafield ind1="3" ind2="0" tag="246"><subfield code="a">Ft. Belknap community newspaper</subfield></datafield><datafield ind1=" " ind2=" " tag="260"><subfield code="a">[Harlem, Mont. :</subfield><subfield code="b">Fort Belknap Community Council],</subfield><subfield code="c">1999-</subfield></datafield><datafield ind1=" " ind2=" " tag="300"><subfield code="a">v. :</subfield><subfield code="b">ill., ports. ;</subfield><subfield code="c">58 cm.</subfield></datafield><datafield ind1=" " ind2=" " tag="310"><subfield code="a">Monthly</subfield></datafield><datafield ind1=" " ind2=" " tag="588"><subfield code="a">Description based on: Vol. 1, no. 5 (Aug. 1999).</subfield></datafield><datafield ind1=" " ind2="0" tag="650"><subfield code="a">Assiniboine Indians</subfield><subfield code="v">Newspapers.</subfield></datafield><datafield ind1=" " ind2="0" tag="650"><subfield code="a">Gros Ventre Indians (Mont.)</subfield><subfield code="v">Newspapers.</subfield></datafield><datafield ind1=" " ind2="0" tag="650"><subfield code="a">Indians of North America</subfield><subfield code="v">Newspapers.</subfield></datafield><datafield ind1=" " ind2="0" tag="651"><subfield code="a">Fort Belknap Indian Reservation (Mont.)</subfield><subfield code="v">Newspapers.</subfield></datafield><datafield ind1=" " ind2="0" tag="651"><subfield code="a">Harlem (Mont.)</subfield><subfield code="v">Newspapers.</subfield></datafield><datafield ind1="1" ind2=" " tag="710"><subfield code="a">Fort Belknap Indian Community of the Fort Belknap Reservation of Montana.</subfield><subfield code="b">Tribal Council.</subfield></datafield><datafield ind1=" " ind2=" " tag="752"><subfield code="a">United States</subfield><subfield code="b">Montana</subfield><subfield code="c">Blaine</subfield><subfield code="d">Harlem.</subfield></datafield><datafield ind1="0" ind2="0" tag="780"><subfield code="a">Fort Belknap news for now</subfield><subfield code="w">(OCoLC)42569531</subfield></datafield></record>